@MISC{vorlage,
	AUTHOR				= {autor},
	TITLE					= {title},
	MONTH					= {monat},
	YEAR					= {2004},
	HOWPUBLISHED 	= {Webseite},
	NOTE					= {Erreichbar unter:
										\url{http://www.intel.com/technology/mooreslaw/index.htm};
										besucht am 03. Juni 2010}
}

@MISC{play-scala-routing,
  AUTHOR        = "Play",
  TITLE         = "HTTP routing",
  YEAR          = "2013",
  HOWPUBLISHED  = "Webseite",
  NOTE          = "Erreichbar unter:
                    \url{http://www.playframework.com/documentation/2.1.1/ScalaRouting};
                    besucht am 19. Juni 2013"
}

@MISC{jctc,
  AUTHOR        = "Pascal Voitet",
  TITLE         = "JSON Coast-To-Coast",
  YEAR          = "2013",
  HOWPUBLISHED  = "Webseite",
  NOTE          = "Erreichbar unter:
                    \url{http://mandubian.com/2013/01/13/JSON-Coast-to-Coast/};
                    besucht am 21. März 2013"
}

@MISC{what-is-akka,
  AUTHOR        = "Akka",
  TITLE         = "What is Akka?",
  YEAR          = "2012",
  HOWPUBLISHED  = "Webseite",
  NOTE          = "Erreichbar unter:
                    \url{http://doc.akka.io/docs/akka/2.0/intro/what-is-akka.html};
                    besucht am 19. Juni 2013"
}

@MISC{bson,
  AUTHOR        = "Mike Dirolf",
  TITLE         = "BSON",
  YEAR          = "2010",
  HOWPUBLISHED  = "Webseite",
  NOTE          = "Erreichbar unter:
                    \url{http://bsonspec.org};
                    besucht am 19. Juni 2013"
}


@unpublished{requirements,
  author = "Dominic Br{\"a}unlein and Tom Bocklisch and Anita Diekhoff and Norman Rzepka and Tom Herold and Thomas Werkmeister",
  title = "Software Requirements Specification",
  school = "Hasso Plattner Institut",
  year = "2013"
}

@bachelorsthesis{bp-dome,
    author    = "Dominic Br{\"a}unlein",
    title     = "Generierung und Bereitstellung von semantischen Thumbnails aus heterogenen Daten f{\"u}r Project-Zoom",
    school    = "Hasso Plattner Institut",
    year      = "2013"
}

@bachelorsthesis{bp-norman,
    author    = "Norman Rzepka",
    title     = "The design of an web-based event-driven client application architecture for Project-Zoom",
    school    = "Hasso Plattner Institut",
    year      = "2013"
}

@bachelorsthesis{bp-tomh,
    author    = "Tom Herold",
    title     = "Kontextsensitver Assistent für interaktive Graphen ",
    school    = "Hasso Plattner Institut",
    year      = "2013"
}

@bachelorsthesis{bp-tewe,
    author    = "Thomas Werkmeister",
    title     = "Extensible backend plugin architecture for data aggregation of heterogeneous sources for Project-Zoom",
    school    = "Hasso Plattner Institut",
    year      = "2013"
}

@bachelorsthesis{bp-anita,
    author    = "Anita Diekhoff",
    title     = "Automatisches Layouten in interaktiven Graphen",
    school    = "Hasso Plattner Institut",
    year      = "2013"
}

@mastersthesis{nosql-vs-sql,
    author    = "Tran Ngoc",
    title     = "Charakteristika und Vergleich von SQL und NoSQLDatenbanken",
    school    = "Uni Leipzig",
    year      = "2011"
}

@mastersthesis{storage-solutions,
    author    = "Adam Lith and Jakob Mattsson",
    title     = "Investigating storage solutions for large data",
    school    = "Chalmers University Of Technology",
    year      = "2010"
}

@book{scala-by-example,
    author    = "Martin Odersky",
    title     = "Scala By Example",
    month     = "May",
    year      = "2011",
    publisher = "EPFL",
    address   = "Switzerland"
}